<record xmlns:xsi="http://www.w3.org/2001/XMLSchema-instance" xmlns="http://www.loc.gov/MARC21/slim" xsi:schemaLocation="http://www.loc.gov/MARC21/slim http://www.loc.gov/standards/marcxml/schema/MARC21slim.xsd">

  <leader>00724nam a2200157Ia 4500</leader>
  <datafield tag="999" ind1=" " ind2=" ">
    <subfield code="c">2400</subfield>
    <subfield code="d">2400</subfield>
  </datafield>
  <controlfield tag="008">170922b2000    cr ||||| |||| 00| | spa d</controlfield>
  <datafield ind2=" " ind1=" " tag="090">
    <subfield code="a">Archivo # 08</subfield>
  </datafield>
  <datafield tag="110" ind1=" " ind2=" ">
    <subfield code="9">1703</subfield>
    <subfield code="a">Instituto de Investigación para el Mejoramiento de la Educación Costarricense</subfield>
  </datafield>
  <datafield tag="245" ind1="1" ind2="0">
    <subfield code="a">Investigación al servicio de la educación: XX aniversario del IIMEC / </subfield>
    <subfield code="c">Instituto de Investigación para el Mejoramiento de la Educación Costarricense</subfield>
  </datafield>
  <datafield ind1=" " tag="260" ind2=" ">
    <subfield code="a">San José, Costa Rica : </subfield>
    <subfield code="b">Ofic. de Publicaciones, Universidad de Costa Rica, </subfield>
    <subfield code="c">2000</subfield>
  </datafield>
  <datafield ind2=" " ind1=" " tag="300">
    <subfield code="a">3 páginas</subfield>
  </datafield>
  <datafield tag="610" ind1="2" ind2="4">
    <subfield code="9">2218</subfield>
    <subfield code="a">INSTITUTO DE INVESTIGACIÓN PARA EL MEJORAMIENTO DE LA EDUCACIÓN COSTARRICENSE</subfield>
  </datafield>
  <datafield ind1="1" tag="650" ind2="4">
    <subfield code="a">EDUCACIÓN</subfield>
    <subfield code="9">1</subfield>
  </datafield>
  <datafield ind1="1" tag="650" ind2="4">
    <subfield code="a">INVESTIGACIÓN</subfield>
    <subfield code="9">163</subfield>
  </datafield>
  <datafield ind2=" " tag="942" ind1=" ">
    <subfield code="2">z</subfield>
    <subfield code="c">07</subfield>
  </datafield>
</record>